@misc{DataBNPB,
    author =       "BNPB",
    title =        "Data Bencana Indonesia",
    note =          "can be accessed at: \url{http://dibi.bnpb.go.id} last accessed on Thursday 11 Agustus 2016"
}

@misc{HFAConference,
	author = "World Conference of Hyogo for Action Framework 2005",
	title = "Five Actions of HFA",
	note = "can be accessed at: \url{http://www.preventionweb.net/english/hyogo/} last accessed on Thursday 11 Agustus 2016"
}

@misc{SSEDefinition,
	author = "Teknik Industri Universitas Indonesia",
	title = "Service System Engineering Definition",
	note = "can be accessed at: \url{http://www.ie.ui.ac.id/sse-ti-ui/} last accessed on Tuesday 11 April 2017"
}

@article{Kusmiati,
author = {Christiana Yuni, Kusmiati},
file = {:C$\backslash$:/Users/user/AppData/Local/Mendeley Ltd./Mendeley Desktop/Downloaded/Kusmiati - Unknown - MENUJU PERBAIKAN MANAJEMEN PENANGGULANGAN BENCANA DI INDONESIA.pdf:pdf},
pages = {1-15},
title = {{MENUJU PERBAIKAN MANAJEMEN PENANGGULANGAN BENCANA DI INDONESIA}}
volume = {4},
number = {2},
year = {2005},
journal = {Administrasi Publik, Universitas Parahyangan}
}

@article{Lopes2013,
author = {Lopes, Amit J. and Pineda, Ricardo},
doi = {10.1016/j.procs.2013.01.071},
file = {:C$\backslash$:/Users/user/AppData/Local/Mendeley Ltd./Mendeley Desktop/Downloaded/Lopes, Pineda - 2013 - Service Systems Engineering Applications.pdf:pdf},
ISBN = {0019157477184},
issn = {18770509},
journal = {Procedia Computer Science},
keywords = {service science,service systems,service systems engineering},
month = {jan},
pages = {678--687},
publisher = {Elsevier B.V.},
title = {{Service Systems Engineering Applications}},
url = {http://linkinghub.elsevier.com/retrieve/pii/S1877050913000720},
volume = {16},
year = {2013}
}

@article{Framework2013,
author = {Triutomo, Sugeng},
file = {:C$\backslash$:/Users/user/AppData/Local/Mendeley Ltd./Mendeley Desktop/Downloaded/Framework - 2013 - National progress report on the implementation of the Hyogo Framework for Action (2011-2013).pdf:pdf},
number = {October 2012},
pages = {1--45},
title = {{National progress report on the implementation of the Hyogo Framework for Action (2011-2013)}},
year = {2013}
}

@article{EffisientDM,
    author =       "Fehmi Volkan Akyon, Caymaz Ebru and Erenel, Fahri",
    title =        "A Model Proposal for Efficient Disaster Management: The Turkish Sample",
    journal =      "Procedia - Social and Behaviour Science",
    volume =       "99",
    number =       "",
    pages =        "609-618",
    year =         "2013",
    DOI =          "",
    keyword= "Disaster Management"
}
@article{DisasterDefinition,
    author =       "Pfefferbaum, Betty, M.D.,J.D and Shaw, John A. M.D.",
    title =        "Practise Parameters on Disaster Preparedness",
    journal =      "The Acedemy of Child and Adolescent Psychiatry",
    volume =       "",
    number =       "",
    pages =        "",
    year =         "2013",
    DOI =          "",
    keyword= "Disaster Management, Definition"
}

@misc{DefinisiBencanaBNPB,
    author =       "BNPB",
    title =        "Definisi dan Jenis Bencana",
    note =          "retrieved at: \url{http://dibi.bnpb.go.id/page/read/5/definisi-dan-jenis-bencana} last accessed on Thursday 11 Agustus 2016"
}
  
@article{DMModelGuideline,
author = {November, Printed},
file = {:C$\backslash$:/Users/user/AppData/Local/Mendeley Ltd./Mendeley Desktop/Downloaded/November - 2002 - DISASTER MANAGEMENT MODEL Guideline for Program Development Manitoba Health Disaster Management.pdf:pdf},
title = {{DISASTER MANAGEMENT MODEL Guideline for Program Development Manitoba Health Disaster Management}},
year = {2002}
}

@article{MASDIsaster,
author = {Singh, Vivek Kumar, Modanwal Needam and Basak, Swati},
title = {{MAS Coordination Strategies and their Application in Disaster Management Domain}},
year = {2011},
issue = {Section V},
pages = {14-19},
ISBN = {9781457708787},
publisher = {IEEE}
}

@article{PatternRiskManagment,
author = {Stanganelli, Marialuce},
title = {A New Pattern of Risk Management: The Hyogo for Action Framework and Italian Practise},
year = {2008},
issue = Socio-Economic Planning 42},
pages = {92-111},
ISBN = {},
publisher = {ElSavier}
}
@book{ServiceScience, 
author = "Karry Kazan, Jr.",
title = "Service Science: Concept, Technology and Management",
year = "2008",
ISBN = "978-0595-52519-5",
publisher = "iUniverse"
}
@book{DRM.Framework,
author = {{Blessing, Lucienner T.M., Chakrabarti}, Amaresh},
file = {:D$\backslash$:/Data/Kuliah/Sem 2/Metode Penelitian/IF5099/sem2-2013-2014/06{\_}blessing2009-DRM, a Design Research Methodology. Lucienne.pdf:pdf},
ISBN = {9781848825864},
publisher = {Springer},
title = {{DRM, a Design Research Methodology}},
year = {2009}
}
@article{Haubrock2007,
author = {Haubrock, Soren and Theisselmann, Falko and Dransch, Doris},
file = {:C$\backslash$:/Users/user/AppData/Local/Mendeley Ltd./Mendeley Desktop/Downloaded/Haubrock, Theisselmann, Dransch - 2007 - Service-Oriented Architectures for Natural Disaster Management.pdf:pdf},
title = {{Service-Oriented Architectures for Natural Disaster Management}},
Proceeding = "Conference on Geomatics Solutions for Disaster Management",
year = {2007}
}
@misc{DefinisiSOA,
    author = "service-architecture.com",
    title = "Service Oriented Architecture (SOA) definition",
    note = "retrieved at: \url{http://www.service-architecture.com/articles/web-services/service-oriented_architecture_soa_definition.html}"
}

@misc{DefinisiUML,
    author = "http://www.uml.org/",
    title = "INTRODUCTION TO OMG'S UNIFIED MODELING LANGUAGE(UML)",
    note = "retrieved at: \url{http://www.uml.org/what-is-uml.htm} last accessed on Thursday 4th August 2016"
}

@misc{SampleOfSimpleUML,
    author = "Bell, Donald",
    title = "An introduction to the Unified Modeling Language",
    year = "2003",
    note = "retrieved at: \url{http://www.ibm.com/developerworks/rational/library/769.html} last accessed on Thursday 4th August 2016"
}

@misc{DefiniGPS,
    author = "garmin.com",
    title = "What is GPS?.",
    note = "retrieved at: \url{http://www8.garmin.com/aboutGPS/} last accessed on Thursday 4th August 2016"
}

@misc{DefiniGIS,
    author = "nationalgeographic.org",
    title = "Geographic Information System(GIS)",
    note = "retrieved at: \url{http://nationalgeographic.org/encyclopedia/geographic-information-system-gis/} last accessed on Thursday 4th August 2016"
}
@misc{DefiniLBS,
    author = "techopedia.com",
    title = "Location Based Services",
    note = "retrieved at: \url{https://www.techopedia.com/definition/12888/location-based-services-lbs} last accessed on Thursday 4th August 2016"
}
@misc{CommonEmg,
    author = "https://emergency.unt.edu/",
    title = "Emergency Cycle",
    note = "retrieved at: \url{https://emergency.unt.edu/} last accessed on Thursday 6th August 2016"
}
@misc{AlatTsunamiHilang,
    author = "antarajateng.com",
    title = "Alat Pendeteksi Tsunami Hilang",
    note = "retrieved at: \url{http://www.antarajateng.com/detail/menristek-banyak-alat-deteksi-dini-tsunami-hilang.html} last accessed on Thursday 6th August 2016"
}

@article{IoTDefinition,
author = {Vimal Jerald A, Albert Rabara S and Daisy Premila Bai T},
ISBN = {},
issn = {},
journal = {International Journal of Computer Applications (0975 â€“ 8887)},
keywords = {service science,service systems,service systems engineering},
month = {October},
pages = {},
publisher = {IEEE},
title = {{Internet of Things(IoT) based Smart Environment Integrating Various Business Application}},
url = {},
volume = {128},
year = {2015}
}

@misc{definisiHazard,
    author = "Mufti, Fajarullah",
    title = "Defini Multi-Hazard dan Kaitannya dengan Perencanaan Pembangunan",
    note = "retrieved at: \url{https://fajarullahmufti.wordpress.com/tag/peta-multi-hazards-indonesia/} last accessed on Sunday 7th August 2016"
}

@book{ThesisKangTeguh, 
author = "HIdayat, T.M. Teguh",
title = "THE ONLINE REFERRAL FOR EMERGENCY MEDICAL SERVICE SUPPORT SYSTEM",
year = "2015",
ISBN = "",
publisher = ""
}

@article{SOASImple,
    author =       "Suhardi and Budhiputra, Pathya Madhyastha and Yustianto, Purnomo",
    title =        "Service Engineering Framework: A Simple Approach",
    journal =      "ICITSI",
    volume =       "",
    number =       "",
    pages =        "",
    year =         "2014",
    publisher =    "IEEE",
    keyword= "Disaster Management"
}
@misc{HTML5,
    author = "http://www.inmotionhosting.com",
    title = "HTML 5 Compatibly",
    note = "retrieved at: \url{http://www.inmotionhosting.com/img/infographics/html5_cheat_sheet_browser_support.png} last accessed on Thursday 18th August 2016"
}